
@book{henrard,
    author        = {Marc Henrard},
    title         = {Interest Rate Modelling in the Multi-curve Framework},
    subtitle      = {Foundations, Evolution and Implementation},
    year          = {2014},
    publisher     = {PALGRAVE MACMILLAN}
}

@article{ametrano-bianchetti-1,
    author        = {Ferdinando M. Ametrano and Marco Bianchetti},
    title         = {Bootstrapping the Illiquidity: Multiple Yield Curves Construction for Market Coherent Forward Rates Estimation},
    year          = {2009},
}

@article{ametrano-bianchetti-2,
    author        = {Ferdinando M. Ametrano and Marco Bianchetti},
    title         = {Everything You Always Wanted to Know About Multiple Interest Rate Curve Bootstrapping but Were Afraid to Ask},
    year          = {2013},
}

@article{piterbarg,
    author        = {Piterbarg},
    title         = {},
    year          = {},
}

@article{mercurio,
    author        = {Fabio Mercurio},
    title         = {},
    year          = {},
}

@article{ametrano-mazzocchi,
    author        = {Ferdinando M. Ametrano and Paolo Mazzocchi},
    title         = {EONIA Jumps and Proper Euribor Forwarding},
    year          = {2014},
}

@article{rebonato,
    author        = {Riccardo Rebonato},
    title         = {},
    year          = {},
}

@article{hagan,
    author        = {Patrick S. Hagan},
    title         = {},
    year          = {},
}

@article{andreasen,
    author        = {},
    title         = {},
    year          = {},
}
