@article{ametrano_ballabio_mazzocchi,
    author = {Ferdinando M. Ametrano and Luigi Ballabio and Paolo Mazzocchi},
    title = {The abcd of Interest Rate Basis Spread},
    year = {July 2016},
    journal={SSRN},
    DOI = {https://papers.ssrn.com/sol3/papers.cfm?abstract_id=2696743}
}

@book{ballabio_implementing_quantlib,
    title = {Implementing QuantLib},
    author = {Luigi Ballabio},
    year = {2017-08-21},
    publisher={Leanpub},
    DOI = {https://leanpub.com/implementingquantlib}
}

@book{brigo_mercurio,
    title = {Interest Rate Models - Theory and Practice},
    author = {Damiano Brigo and Fabio Mercurio},
    year = {2006},
    publisher={Springer Finance},
    DOI = {https://link.springer.com/book/10.1007/978-3-540-34604-3}
}

@book{fowler,
    title = {UML Distilled. A Brief Guide to the Standard Object Modeling Language},
    author = {Martin Fowler},
    year = {2003},
    publisher={Pearson Education (US)},
    DOI = {https://www.martinfowler.com/books/uml.html}
}

@book{airoldi,
    title = {Elementi di Finanza: modelli e metodi numerici},
    author = {Marco Airoldi},
    year = {2013},
    publisher={Unknown},
    DOI = {https://elearning.unimib.it/course/info.php?id=16450}
}

@article{ametrano_bianchetti_1,
    title = {Bootstrapping the Illiquidity: Multiple Yield Curves Construction for Market Coherent Forward Rates Estimation},
    author = {Ferdinando M. Ametrano and Marco Bianchetti},
    year = {2009},
    journal={SSRN},
    DOI = {https://papers.ssrn.com/sol3/papers.cfm?abstract_id=2219548}
    
}

@article{ametrano_bianchetti_2,
    author = {Ferdinando M. Ametrano and Marco Bianchetti},
    title = {Everything You Always Wanted to Know About Multiple Interest Rate Curve Bootstrapping but Were Afraid to Ask},
    year = {2013},
    journal={SSRN},
    DOI = {https://papers.ssrn.com/sol3/papers.cfm?abstract_id=1371311}
}

@misc{quantlib_dev,
    author = {QuantLib Developers},
    title = {QuantLib},
    year = {2000},
    DOI = {https://www.quantlib.org/}
}






